<record><leader>00000cas a2200000 a 4500</leader><controlfield tag="001">54010615</controlfield><controlfield tag="008">040112c200u9999nyuwr ne      0    0chi c</controlfield><datafield ind1=" " ind2=" " tag="010"><subfield code="a">sn2003060527</subfield></datafield><datafield ind1=" " ind2=" " tag="040"><subfield code="a">NYS</subfield><subfield code="b">eng</subfield><subfield code="c">NYS</subfield><subfield code="d">OCLCQ</subfield><subfield code="d">OCLCF</subfield><subfield code="d">OCLCO</subfield><subfield code="d">OCL</subfield></datafield><datafield ind1=" " ind2=" " tag="037"><subfield code="b">Duowei Times, 9 Park Place, no. 2/F, Great Neck, NY 11021</subfield></datafield><datafield ind1=" " ind2=" " tag="042"><subfield code="a">pcc</subfield></datafield><datafield ind1=" " ind2=" " tag="043"><subfield code="a">n-us-ny</subfield></datafield><datafield ind1="0" ind2=" " tag="130"><subfield code="a">Duowei times (Great Neck, N.Y.)</subfield></datafield><datafield ind1="1" ind2="0" tag="245"><subfield code="a">Duowei times.</subfield></datafield><datafield ind1=" " ind2=" " tag="260"><subfield code="a">Great Neck, N.Y. :</subfield><subfield code="b">Duowei Times</subfield></datafield><datafield ind1=" " ind2=" " tag="300"><subfield code="a">v. :</subfield><subfield code="b">ill. (some col.) ;</subfield><subfield code="c">58 cm.</subfield></datafield><datafield ind1="1" ind2=" " tag="362"><subfield code="a">Began in Sept., 2002.</subfield></datafield><datafield ind1=" " ind2=" " tag="530"><subfield code="a">Also issued on the Internet.</subfield></datafield><datafield ind1=" " ind2=" " tag="546"><subfield code="a">In Chinese with some advertisements in English.</subfield></datafield><datafield ind1=" " ind2=" " tag="580"><subfield code="a">New Jersey ed. : Duowei Times (Edison, N.J.).</subfield></datafield><datafield ind1=" " ind2=" " tag="588"><subfield code="a">Description based on: No. 152 (Nov. 16-22, 2003).</subfield></datafield><datafield ind1=" " ind2="0" tag="650"><subfield code="a">Chinese newspapers</subfield><subfield code="z">New York (State)</subfield><subfield code="z">Great Neck.</subfield></datafield><datafield ind1=" " ind2="0" tag="650"><subfield code="a">Chinese Americans</subfield><subfield code="z">New York (State)</subfield><subfield code="z">Great Neck</subfield><subfield code="v">Newspapers.</subfield></datafield><datafield ind1=" " ind2="0" tag="651"><subfield code="a">Great Neck (N.Y.)</subfield><subfield code="v">Newspapers.</subfield></datafield><datafield ind1=" " ind2="0" tag="651"><subfield code="a">Nassau County (N.Y.)</subfield><subfield code="v">Newspapers.</subfield></datafield><datafield ind1=" " ind2="7" tag="650"><subfield code="a">Chinese newspapers.</subfield><subfield code="2">fast</subfield><subfield code="0">(OCoLC)fst00857651</subfield></datafield><datafield ind1=" " ind2="7" tag="650"><subfield code="a">Chinese Americans.</subfield><subfield code="2">fast</subfield><subfield code="0">(OCoLC)fst00857249</subfield></datafield><datafield ind1=" " ind2="7" tag="651"><subfield code="a">New York (State)</subfield><subfield code="z">Great Neck.</subfield><subfield code="2">fast</subfield><subfield code="0">(OCoLC)fst01218031</subfield></datafield><datafield ind1=" " ind2="7" tag="651"><subfield code="a">New York (State)</subfield><subfield code="z">Nassau County.</subfield><subfield code="2">fast</subfield><subfield code="0">(OCoLC)fst01205518</subfield></datafield><datafield ind1=" " ind2="7" tag="655"><subfield code="a">Newspapers.</subfield><subfield code="2">fast</subfield><subfield code="0">(OCoLC)fst01423814</subfield></datafield><datafield ind1=" " ind2=" " tag="752"><subfield code="a">United States</subfield><subfield code="b">New York</subfield><subfield code="c">Nassau</subfield><subfield code="d">Great Neck.</subfield></datafield><datafield ind1="4" ind2=" " tag="856"><subfield code="u">http://www5.chinesenewsnet.com/others/duoweitimes/index.html</subfield></datafield><datafield ind1="1" ind2=" " tag="029"><subfield code="a">AU@</subfield><subfield code="b">000015747131</subfield></datafield></record>